<?xml version="1.0" encoding="UTF-8"?><record xmlns="http://www.loc.gov/MARC21/slim" xmlns:cinclude="http://apache.org/cocoon/include/1.0" xmlns:zs="http://www.loc.gov/zing/srw/">
  <leader>00390nz  a2200133n  4500</leader>
  <controlfield tag="001">no 99065896 </controlfield>
  <controlfield tag="003">DLC</controlfield>
  <controlfield tag="005">19990910111014.0</controlfield>
  <controlfield tag="008">990909n| acannaab           |n ana     c</controlfield>
  <datafield tag="010" ind1=" " ind2=" ">
    <subfield code="a">no 99065896 </subfield>
  </datafield>
  <datafield tag="035" ind1=" " ind2=" ">
    <subfield code="a">(OCoLC)oca05061334</subfield>
  </datafield>
  <datafield tag="040" ind1=" " ind2=" ">
    <subfield code="a">MiDW</subfield>
    <subfield code="b">eng</subfield>
    <subfield code="c">MiDW</subfield>
  </datafield>
  <datafield tag="110" ind1="2" ind2="0">
    <subfield code="a">Garner Maclennan Pty. Ltd.</subfield>
  </datafield>
  <datafield tag="670" ind1=" " ind2=" ">
    <subfield code="a">The Chinese identity [VR], c1988:</subfield>
    <subfield code="b">container (produced by Garner Maclennan Pty. Ltd.)</subfield>
  </datafield>
</record>